<?xml version="1.0" encoding="utf-8"?>
<record xmlns="http://www.loc.gov/MARC21/slim" xmlns:xsi="http://www.w3.org/2001/XMLSchema-instance" xsi:schemaLocation="http://www.loc.gov/MARC21/slim http://www.loc.gov/standards/marcxml/schema/MARC21slim.xsd">
	<leader>     nam a22        4500</leader>
	<controlfield tag="001">3068237</controlfield>
	<controlfield tag="003">NNC</controlfield>
	<controlfield tag="006">m        d        </controlfield>
	<controlfield tag="007">cr cn |||m|||a</controlfield>
	<controlfield tag="008">160426s1916    ua      o     000 0 ara d</controlfield>
	<datafield ind1=" " ind2=" " tag="040">
		<subfield code="a">NNU</subfield>
		<subfield code="b">eng</subfield>
		<subfield code="e">rda</subfield>
		<subfield code="c">NNU</subfield>
	</datafield>
	<datafield ind1="1" ind2=" " tag="100">
		<subfield code="6">880-01</subfield>
		<subfield code="a">Ibn Nujaym, Zayn al-Dīn ibn Ibrāhīm,</subfield>
		<subfield code="d">-1563.</subfield>
	</datafield>
	<datafield ind1="1" ind2="3" tag="245">
		<subfield code="6">880-02</subfield>
		<subfield code="a">al-Baḥr al-rāʼiq, sharḥ Kanz al-daqāʼiq :</subfield>
		<subfield code="b">li muḥarrir al-madhhab al-Nuʻmānī wa Abī Ḥanīfah al-thānī, al-shaykh Zayn al-Din al-shahīr bi Ibn Nujaym /</subfield>
		<subfield code="c">Wa-bi-hāmishihī al-Ḥawāshī al-musammāh bi-Minḥat al-khāliq ʻalā al-Baḥr al-rāʼiq, li-Muḥammad Amīn al-shahīr bi-Ibn ʻAbidīn. Wa-qad juʻila kitāb al-Baḥr fī sabʻat ajzā, wa-al-juzʼ al-thāmin: Takmilat al-ustādh Muḥammad al-shahīr bi al-Ṭūrī.</subfield>
	</datafield>
	<datafield ind1=" " ind2=" " tag="260">
		<subfield code="6">880-03</subfield>
		<subfield code="a">Miṣr :</subfield>
		<subfield code="b">Maṭbaʻat Dār al-Kutub al-Gharbīyah al-Kubrá,</subfield>
		<subfield code="c">[1334 h., 1916 m.]</subfield>
	</datafield>
	<datafield ind1=" " ind2=" " tag="300">
		<subfield code="a">online resource (8 volumes)</subfield>
	</datafield>
	<datafield ind1=" " ind2=" " tag="336">
		<subfield code="a">text</subfield>
		<subfield code="2">rdacontent</subfield>
	</datafield>
	<datafield ind1=" " ind2=" " tag="337">
		<subfield code="a">computer</subfield>
		<subfield code="2">rdamedia</subfield>
	</datafield>
	<datafield ind1=" " ind2=" " tag="338">
		<subfield code="a">online resource</subfield>
		<subfield code="2">rdacarrier</subfield>
	</datafield>
	<datafield ind1=" " ind2=" " tag="500">
		<subfield code="a">Part of the Arabic Collections Online (ACO) project, contributed by Columbia University Libraries.</subfield>
	</datafield>
	<datafield ind1=" " ind2=" " tag="533">
		<subfield code="a">Electronic reproduction.</subfield>
		<subfield code="b">New York, N.Y. :</subfield>
		<subfield code="c">New York University,</subfield>
		<subfield code="d">2016.</subfield>
		<subfield code="5">NNU</subfield>
	</datafield>
	<datafield ind1="1" ind2="0" tag="600">
		<subfield code="6">880-04</subfield>
		<subfield code="a">Nasafī, ʻAbd Allāh ibn Aḥmad,</subfield>
		<subfield code="d">-1310.</subfield>
		<subfield code="t">Kanz al-daqāʼiq.</subfield>
	</datafield>
	<datafield ind1="1" ind2="0" tag="600">
		<subfield code="6">880-05</subfield>
		<subfield code="a">Ibn ʻĀbidīn, Muḥammad Amīn ibn ʻUmar,</subfield>
		<subfield code="d">1783 or 1784-1836.</subfield>
		<subfield code="t">Minḥat al-Khāliq.</subfield>
	</datafield>
	<datafield ind1=" " ind2="0" tag="650">
		<subfield code="a">Islamic law</subfield>
		<subfield code="v">Early works to 1800.</subfield>
	</datafield>
	<datafield ind1="2" ind2=" " tag="710">
		<subfield code="a">Columbia University.</subfield>
		<subfield code="b">Libraries.</subfield>
	</datafield>
	<datafield ind1="0" ind2=" " tag="730">
		<subfield code="a">Arabic Collections Online.</subfield>
	</datafield>
	<datafield ind1="0" ind2="8" tag="776">
		<subfield code="i">Print version:</subfield>
		<subfield code="a">Ibn Nujaym, Zayn al-Dīn ibn Ibrāhīm, -1563.</subfield>
		<subfield code="t">al-Baḥr al-rāʼiq, sharḥ Kanz al-daqāʼiq</subfield>
		<subfield code="w">(NNC)3068237</subfield>
		<subfield code="w">(OCoLC)47806294</subfield>
	</datafield>
	<datafield ind1="4" ind2="0" tag="856">
		<subfield code="u">http://hdl.handle.net/2333.1/qv9s4rfx</subfield>
	</datafield>
	<datafield ind1="1" ind2=" " tag="880">
		<subfield code="6">100-01/r</subfield>
		<subfield code="a">ابن نجيم، زين الدين بن ابراهيم،</subfield>
		<subfield code="d">-1563.</subfield>
	</datafield>
	<datafield ind1="1" ind2="2" tag="880">
		<subfield code="6">245-02/r</subfield>
		<subfield code="a">البحر الرائق، شرح کنز الدقائق :</subfield>
		<subfield code="b">لمحرر المذهب النعمانى و ابى حنىفه الثانى، الشىخ زىن الدن الشهىر بابن نجىم /</subfield>
		<subfield code="c">وبهامشه الحواشى المسماة بمنحة الخالق على البحر الرائق، لمحمد امىن الشهىر بابن عابدىن. وقد جعل کتاب البحر فى سبعة اجزاء، والجزء الثامن: تکملة الاستاذ محمد الشهىر ب الطورى.</subfield>
	</datafield>
	<datafield ind1=" " ind2=" " tag="880">
		<subfield code="6">260-03/r</subfield>
		<subfield code="a">مصر :</subfield>
		<subfield code="b">مطبعة دار الكتب الغربية الكبرى،</subfield>
		<subfield code="c">[1334 ه.، 1916 م.]</subfield>
	</datafield>
	<datafield ind1="1" ind2="4" tag="880">
		<subfield code="6">600-04/r</subfield>
		<subfield code="a">نسفي، عبد الله بن احمد،</subfield>
		<subfield code="d">-1310.</subfield>
		<subfield code="t">كنز الدقائق.</subfield>
	</datafield>
	<datafield ind1="1" ind2="4" tag="880">
		<subfield code="6">600-05/r</subfield>
		<subfield code="a">ابن عابدين، محمد امين بن عمر،</subfield>
		<subfield code="d">1783 or 1784-1836</subfield>
		<subfield code="t">منحة الخالق.</subfield>
	</datafield>
	<datafield ind1=" " ind2=" " tag="959">
		<subfield code="a">NNU</subfield>
		<subfield code="b">WEB</subfield>
		<subfield code="c">GENI</subfield>
		<subfield code="t">0</subfield>
		<subfield code="m">Electronic access</subfield>
		<subfield code="s">01</subfield>
	</datafield>
	<datafield ind1=" " ind2=" " tag="999">
		<subfield code="i">NNC_3068237</subfield>
		<subfield code="o">(OCoLC)ocm47806294</subfield>
		<subfield code="s">columbia_aco001819:v.1</subfield>
		<subfield code="s">columbia_aco001820:v.2</subfield>
		<subfield code="s">columbia_aco001821:v.3</subfield>
		<subfield code="s">columbia_aco001822:v.4</subfield>
		<subfield code="s">columbia_aco001823:v.5</subfield>
		<subfield code="s">columbia_aco001824:v.6</subfield>
		<subfield code="s">columbia_aco001825:v.7</subfield>
		<subfield code="s">columbia_aco001826:v.8</subfield>
		<subfield code="e">(ERROR-880)</subfield>
		<subfield code="s">columbia_aco001819:v.1</subfield>
		<subfield code="s">columbia_aco001820:v.2</subfield>
		<subfield code="s">columbia_aco001821:v.3</subfield>
		<subfield code="s">columbia_aco001822:v.4</subfield>
		<subfield code="s">columbia_aco001823:v.5</subfield>
		<subfield code="s">columbia_aco001824:v.6</subfield>
		<subfield code="s">columbia_aco001825:v.7</subfield>
		<subfield code="s">columbia_aco001826:v.8</subfield>
	</datafield>
</record>
